@inproceedings{Flick:2015,
 author = {Flick, Patrick and Jain, Chirag and Pan, Tony and Aluru, Srinivas},
 title = {A Parallel Connectivity Algorithm for De Bruijn Graphs in Metagenomic Applications},
 booktitle = {Proceedings of the International Conference for High Performance Computing, Networking, S
torage and Analysis},
 series = {SC '15},
 year = {2015},
 isbn = {978-1-4503-3723-6},
 location = {Austin, Texas},
 pages = {15:1--15:11},
 articleno = {15},
 numpages = {11},
 url = {http://doi.acm.org/10.1145/2807591.2807619},
 doi = {10.1145/2807591.2807619},
 acmid = {2807619},
 publisher = {ACM},
 address = {New York, NY, USA},
 keywords = {connected component labeling, de Bruijn graph, metagenomic assembly, soil microbiology},
} 